@article{Oracle,
  title={Medicina de precis√£o conta com big data para melhorar os tratamentos},
  author={ Oracle Health Sciences},
  year={2017}
}